@article{diary,
  title={Understanding platform mediated work-life: a diary study with gig economy freelancers},
  author={Alvarez de la Vega, Juan Carlos and Cecchinato, Marta E and Rooksby, John and Newbold, Joseph},
  journal={Proceedings of the ACM on Human-Computer Interaction},
  volume={7},
  number={CSCW1},
  pages={1--32},
  year={2023},
  publisher={ACM New York, NY, USA}
}

@inproceedings{talkfutures,
  title={Talkfutures: Supporting qualitative practices in distributed community engagements},
  author={Rainey, Jay and Alvarez de la Vega, Juan Carlos and Richardson, Dan and Lambton-Howard, Daniel and Armouch, Sara and Bartindale, Tom and Hazeldine, Shaun and Briggs, Pamela and Olivier, Patrick and Montague, Kyle},
  booktitle={Proceedings of the 2020 ACM Designing Interactive Systems Conference},
  pages={771--784},
  year={2020}
}

@inproceedings{meronymity,
  title={Mitigating Barriers to Public Social Interaction with Meronymous Communication},
  author={Soliman, Nouran and Kang, Hyeonsu B and Latzke, Matthew and Bragg, Jonathan and Chang, Joseph Chee and Zhang, Amy Xian and Karger, David R},
  booktitle={Proceedings of the CHI Conference on Human Factors in Computing Systems},
  pages={1--26},
  year={2024}
}

@article{predictors,
  title={Predictors of job seekers’ self-disclosure on social media},
  author={El Ouirdi, Mariam and Segers, Jesse and El Ouirdi, Asma and Pais, Ivana},
  journal={Computers in Human Behavior},
  volume={53},
  pages={1--12},
  year={2015},
  publisher={Elsevier}
}

@article{psychological,
  title={Self-disclosure in social media and psychological well-being: A meta-analysis},
  author={Chu, Tsz Hang and Sun, Mengru and Crystal Jiang, Li},
  journal={Journal of Social and Personal Relationships},
  volume={40},
  number={2},
  pages={576--599},
  year={2023},
  publisher={SAGE Publications Sage UK: London, England}
}

@article{disclosurewell,
  title={Self-disclosure and social media: motivations, mechanisms and psychological well-being},
  author={Luo, Mufan and Hancock, Jeffrey T},
  journal={Current opinion in psychology},
  volume={31},
  pages={110--115},
  year={2020},
  publisher={Elsevier}
}

@article{avoidance,
  title={To seek help or not to seek help: The risks of self-disclosure.},
  author={Vogel, David L and Wester, Stephen R},
  journal={Journal of counseling psychology},
  volume={50},
  number={3},
  pages={351},
  year={2003},
  publisher={American Psychological Association}
}

@article{awareness,
  title={Self-disclosure in computer-mediated communication: The role of self-awareness and visual anonymity},
  author={Joinson, Adam N},
  journal={European journal of social psychology},
  volume={31},
  number={2},
  pages={177--192},
  year={2001},
  publisher={Wiley Online Library}
}

@phdthesis{peersupport,
  author  = "Yao, Zheng",
  title   = "Peer Support in Online Communities",
  school  = "Carnegie Mellon University",
  year    = "2024"
}

@inproceedings{privacy,
  title={Privacy, surveillance, and power in the gig economy},
  author={Sannon, Shruti and Sun, Billie and Cosley, Dan},
  booktitle={Proceedings of the 2022 CHI Conference on Human Factors in Computing Systems},
  pages={1--15},
  year={2022}
}

@article{avatar,
  title={``I've talked without intending to'': Self-disclosure and Reciprocity via Embodied Avatar},
  author={Ichino, Junko and Ide, Masahiro and Yokoyama, Hitomi and Asano, Hirotoshi and Miyachi, Hideo and Okabe, Daisuke},
  journal={Proceedings of the ACM on Human-Computer Interaction},
  volume={6},
  number={CSCW2},
  pages={1--23},
  year={2022},
  publisher={ACM New York, NY, USA}
}

@article{collectives,
  title={Data Collectives as a means to Improve Accountability, Combat Surveillance and Reduce Inequalities},
  author={Hsieh, Jane and Zhang, Angie and Kim, Seyun and Rao, Varun Nagaraj and Dalal, Samantha and Mateescu, Alexandra and Grohmann, Rafael Do Nascimento and Eslami, Motahhare and Lee, Min Kyung and Zhu, Haiyi},
  journal={arXiv preprint arXiv:2409.00737},
  year={2024}
}

@inproceedings{sousveillance,
  title={Designing Gig Worker Sousveillance Tools},
  author={Do, Kimberly and De Los Santos, Maya and Muller, Michael and Savage, Saiph},
  booktitle={Proceedings of the CHI Conference on Human Factors in Computing Systems},
  pages={1--19},
  year={2024}
}

@inproceedings{steinyou,
  title={‘You are you and the app. There’s nobody else.’: Building Worker-Designed Data Institutions within Platform Hegemony},
  author={Stein, Jake ML and Vizgirda, Vidminas and Van Kleek, Max and Binns, Reuben and Zhao, Jun and Zhao, Rui and Goel, Naman and Chalhoub, George and Albayaydh, Wael S and Shadbolt, Nigel},
  booktitle={Proceedings of the 2023 CHI Conference on Human Factors in Computing Systems},
  pages={1--26},
  year={2023}
}

@article{osd2f,
  title={OSD2F: An open-source data donation framework},
  author={Araujo, Theo and Ausloos, Jef and van Atteveldt, Wouter and Loecherbach, Felicia and Moeller, Judith and Ohme, Jakob and Trilling, Damian and van de Velde, Bob and De Vreese, Claes and Welbers, Kasper},
  journal={Computational Communication Research},
  volume={4},
  number={2},
  pages={372--387},
  year={2022},
  publisher={Amsterdam University Press Amsterdam}
}

@article{module,
  title={Data donation module: A web application for collecting and enriching data donations},
  author={Pfiffner, Nico and Witlox, Pim and Friemel, Thomas N},
  journal={Computational Communication Research},
  volume={6},
  number={2},
  pages={1},
  year={2024},
  publisher={Amsterdam University Press Amsterdam}
}

@article{health,
  title={Personal data cooperatives--a new data governance framework for data donations and precision health},
  author={Hafen, Ernst},
  journal={The ethics of medical data donation},
  pages={141--149},
  year={2019},
  publisher={Springer International Publishing}
}

@article{best,
  title={Best practices for studies using digital data donation},
  author={Carriere, Thijs C and Boeschoten, Laura and Struminskaya, Bella and Janssen, Heleen L and de Schipper, Niek C and Araujo, Theo}
}

@article{port,
  title={Port: A software tool for digital data donation},
  author={Boeschoten, Laura and de Schipper, Niek C and Mendrik, Adri{\"e}nne M and van der Veen, Emiel and Struminskaya, Bella and Janssen, Heleen and Araujo, Theo},
  journal={Journal of Open Source Software},
  volume={8},
  number={90},
  pages={5596},
  year={2023}
}

@article{nonparticipation,
  title={Do you have two minutes to talk about your data? Willingness to participate and nonparticipation bias in Facebook data donation},
  author={Keusch, Florian and Pankowska, Paulina K and Cernat, Alexandru and Bach, Ruben L},
  journal={Field Methods},
  pages={1525822X231225907},
  year={2023},
  publisher={Sage Publications Sage CA: Los Angeles, CA}
}

@article{willingness,
  title={Determinants of willingness to donate data from social media platforms in the US and Hungary},
  author={Kmetty, Zolt{\'a}n and Stefkovics, {\'A}d{\'a}m and Sz{\'a}mely, J{\'u}lia and Deng, Dongning and Kellner, Anik{\'o} and Paul{\'o}, Edit and Omodei, Elisa and Koltai, J{\'u}lia},
  year={2023},
  doi={10.31219/osf.io/ncwkt}
}

@article{hde,
  title={Data donation as a model for citizen science health research},
  author={Bietz, Matthew and Patrick, Kevin and Bloss, Cinnamon},
  journal={Citizen Science: Theory and Practice},
  volume={4},
  number={1},
  year={2019},
  url={https://theoryandpractice.citizenscienceassociation.org/articles/10.5334/cstp.178}
}

@article{pddGermany,
  title={Your data is gold--Data donation for better healthcare?},
  author={Strotbaum, Veronika and Pobiruchin, Monika and Schreiweis, Bj{\"o}rn and Wiesner, Martin and Strahwald, Brigitte},
  journal={It-Information Technology},
  volume={61},
  number={5-6},
  pages={219--229},
  year={2019},
  publisher={De Gruyter Oldenbourg}
}

@article{tiktok,
  title={Leveraging rights of data subjects for social media analysis: Studying TikTok via data donations},
  author={Zannettou, Savvas and Nemeth, Olivia-Nemes and Ayalon, Oshrat and Goetzen, Angelica and Gummadi, Krishna P and Redmiles, Elissa M and Roesner, Franziska},
  journal={arXiv preprint arXiv:2301.04945},
  year={2023}
}

@inproceedings{insta,
author = {Razi, Afsaneh and Alsoubai, Ashwaq and Kim, Seunghyun and Naher, Nurun and Ali, Shiza and Stringhini, Gianluca and De Choudhury, Munmun and Wisniewski, Pamela J.},
title = {Instagram Data Donation: A Case Study on Collecting Ecologically Valid Social Media Data for the Purpose of Adolescent Online Risk Detection},
year = {2022},
isbn = {9781450391566},
publisher = {Association for Computing Machinery},
address = {New York, NY, USA},
url = {https://doi.org/10.1145/3491101.3503569},
doi = {10.1145/3491101.3503569},
booktitle = {Extended Abstracts of the 2022 CHI Conference on Human Factors in Computing Systems},
articleno = {39},
numpages = {9},
keywords = {online safety, Teens, Social Media Data, Privacy, Dataset, Data Collection, Adolescents},
location = {New Orleans, LA, USA},
series = {CHI EA '22}
}

@article{whatsapp,
  title={WhatsApp Explorer: A Data Donation Tool To Facilitate Research on WhatsApp},
  author={Garimella, Kiran and Chauchard, Simon},
  journal={arXiv preprint arXiv:2404.01328},
  year={2024}
}

@article{socialcost,
  title={Effects of anonymity, ephemerality, and system routing on cost in social question asking},
  author={Ma, Haiwei and Cheng, Hao-Fei and Yu, Bowen and Zhu, Haiyi},
  journal={Proceedings of the ACM on human-computer interaction},
  volume={3},
  number={GROUP},
  pages={1--21},
  year={2019},
  publisher={ACM New York, NY, USA}
}

@article{selforg,
  title={The strategic value of IT-enabled self-organised collectives during crises},
  author={Morton, Josh and Zorina, Aljona and Kudaravalli, Sri},
  journal={The Journal of Strategic Information Systems},
  volume={32},
  number={3},
  pages={101792},
  year={2023},
  publisher={Elsevier}
}

@article{toshare,
  title={To Share or Not to Share: Understanding and Modeling Individual Disclosure Preferences in Recommender Systems for the Workplace},
  author={Musick, Geoff and Duan, Wen and Najafian, Shabnam and Sengupta, Subhasree and Flathmann, Christopher and Knijnenburg, Bart and McNeese, Nathan},
  journal={Proceedings of the ACM on Human-Computer Interaction},
  volume={8},
  number={GROUP},
  pages={1--28},
  year={2024},
  publisher={ACM New York, NY, USA}
}

@BOOK{bentley:1999,
  title = {{P}rogramming {P}earls},
  publisher = {Addison--Wesley},
  year = {1999},
  author = {Jon Bentley},
  address = {Boston, MA, USA},
  edition = {2nd}
}

@BOOK{bringhurst:2002,
  title = {{T}he {E}lements of {T}ypographic {S}tyle},
  publisher = {Hartley \& Marks Publishers},
  year = {2013},
  author = {Robert Bringhurst},
  series = {Version 4.0: 20th Anniversary Edition},
  address = {Point Roberts, WA, USA}
}

@BOOK{cormen:2001,
  title = {{I}ntroduction to {A}lgorithms},
  publisher = {The MIT Press},
  year = {2009},
  author = {Cormen, Thomas H. and Leiserson, Charles E. and Rivest, Ronald L.
	and Clifford Stein},
  address = {Cambridge, MA, USA},
  edition = {3rd}
}

@BOOK{dueck:trio,
  title = {{D}ueck's {T}rilogie: {O}mnisophie -- {S}upramanie -- {T}opothesie},
  publisher = {Springer, Berlin, Germany},
  year = {2005},
  author = {Gunter Dueck},
  note = {\url{http://www.omnisophie.com}}
}

@ARTICLE{knuth:1976,
  author = {Knuth, Donald E.},
  title = {{B}ig {O}micron and {B}ig {O}mega and {B}ig {T}heta},
  journal = {SIGACT News},
  year = {1976},
  volume = {8},
  pages = {18--24},
  number = {2},
  address = {New York, NY, USA},
  publisher = {ACM Press}
}

@ARTICLE{knuth:1974,
  author = {Knuth, Donald E.},
  title = {{C}omputer {P}rogramming as an {A}rt},
  journal = {Communications of the ACM},
  year = {1974},
  volume = {17},
  pages = {667--673},
  number = {12},
  address = {New York, NY, USA},
  publisher = {ACM Press}
}

@BOOK{sommerville:1992,
  title = {{S}oftware {E}ngineering},
  publisher = {Addison-Wesley},
  year = {2015},
  author = {Ian Sommerville},
  address = {Boston, MA, USA},
  edition = {10th}
}

@BOOK{taleb:2012,
  title = {{A}ntifragile: {T}hings {T}hat {G}ain from {D}isorder ({I}ncerto
	{B}ook 3)},
  publisher = {Random House},
  year = {2012},
  author = {Nassim Nicholas Taleb},
  address = {New York, NY, USA}
}

